@book{ml_mladen,
	title={{Mašinsko učenje}},
	author={M. Nikolić},
	url={http://ml.matf.bg.ac.rs/readings/ml.pdf},
	year={2019}
}
@ARTICLE{kmeans,
    author = {Stuart P. Lloyd},
    title = {Least squares quantization in pcm},
    journal = {IEEE Transactions on Information Theory},
    year = {1982},
    volume = {28},
    pages = {129--137}
}
@INPROCEEDINGS{pso,  author={Kennedy, J. and Eberhart, R.},  booktitle={Proceedings of ICNN'95 - International Conference on Neural Networks},   title={Particle swarm optimization},   year={1995},  volume={4},  number={},  pages={1942-1948 vol.4},  doi={10.1109/ICNN.1995.488968}
}
@article{dunn,
author = { J. C.   Dunn† },
title = {Well-Separated Clusters and Optimal Fuzzy Partitions},
journal = {Journal of Cybernetics},
volume = {4},
number = {1},
pages = {95-104},
year  = {1974},
publisher = {Taylor & Francis},
doi = {10.1080/01969727408546059},

URL = { 
        https://doi.org/10.1080/01969727408546059
    
},
eprint = { 
        https://doi.org/10.1080/01969727408546059
    
}

}
@incollection{ch_score,
  title={A dendrite method for cluster analysis},
  author={Harabasz, Calinski T and Karo{\'n}ski, M},
  booktitle={Communications in Statistics},
  volume={3},
  number={1},
  pages={1--27},
  year={1974}
}
@article{db_index,
  title={A Cluster Separation Measure},
  author={David L. Davies and D. Bouldin},
  journal={IEEE Transactions on Pattern Analysis and Machine Intelligence},
  year={1979},
  volume={PAMI-1},
  pages={224-227}
}
@article{iris,
 ISSN = {00266493},
 URL = {http://www.jstor.org/stable/2394164},
 author = {Edgar Anderson},
 journal = {Annals of the Missouri Botanical Garden},
 number = {3},
 pages = {457--509},
 publisher = {Missouri Botanical Garden Press},
 title = {The Species Problem in Iris},
 volume = {23},
 year = {1936}
}
@misc{uci_iris,
  title = {{UCI Machine Learning repository: Iris data}},
  howpublished = {https://archive.ics.uci.edu/ml/datasets/iris},
  note = {Accessed: 2021-06-14}
}
@misc{uci_wine,
  title = {{UCI Machine Learning repository: Wine data}},
  howpublished = {https://archive.ics.uci.edu/ml/datasets/wine},
  note = {Accessed: 2021-06-14}
}
@article{information,
  title={Information retrieval test collections},
  author={Jones, K Sparck and Van Rijsbergen, Cornelis Joost},
  journal={Journal of documentation},
  year={1976},
  publisher={MCB UP Ltd}
}
